@article{journals/tog/HeC013,
  author    = {Kaiming He and
               Huiwen Chang and
               Jian Sun},
  title     = {Rectangling panoramic images via warping},
  journal   = {{ACM} Trans. Graph.},
  volume    = {32},
  number    = {4},
  pages     = {79:1--79:10},
  year      = {2013},
}

@article{journals/pami/ZaragozaCTBS14,
  author    = {Julio Zaragoza and
               Tat{-}Jun Chin and
               Quoc{-}Huy Tran and
               Michael S. Brown and
               David Suter},
  title     = {As-Projective-As-Possible Image Stitching with Moving {DLT}},
  journal   = {{IEEE} Trans. Pattern Anal. Mach. Intell.},
  volume    = {36},
  number    = {7},
  pages     = {1285--1298},
  year      = {2014},
}

@inproceedings{conf/eccv/ChenC16,
  author    = {Yu{-}Sheng Chen and
               Yung{-}Yu Chuang},
  title     = {Natural Image Stitching with the Global Similarity Prior},
  booktitle = {Computer Vision - {ECCV} 2016 - 14th European Conference, Amsterdam, The Netherlands, October 11-14, 2016, Proceedings, Part {V}},
  pages     = {186--201},
  year      = {2016},
}

@article{journals/mta/YenYC17,
  author    = {Shwu{-}Huey Yen and
               Hao{-}Yu Yeh and
               Hsiao{-}Wei Chang},
  title     = {Progressive completion of a panoramic image},
  journal   = {Multimedia Tools Appl.},
  volume    = {76},
  number    = {9},
  pages     = {11603--11620},
  year      = {2017},
}

@article{journals/ftcgv/Szeliski06,
  author    = {Richard Szeliski},
  title     = {Image Alignment and Stitching: {A} Tutorial},
  journal   = {Foundations and Trends in Computer Graphics and Vision},
  volume    = {2},
  number    = {1},
  year      = {2006},
}

@article{journals/tog/BarnesSFG09,
  author    = {Connelly Barnes and
               Eli Shechtman and
               Adam Finkelstein and
               Dan B. Goldman},
  title     = {PatchMatch: a randomized correspondence algorithm for structural image
               editing},
  journal   = {{ACM} Trans. Graph.},
  volume    = {28},
  number    = {3},
  pages     = {24:1--24:11},
  year      = {2009},
}